% -*- mode: bibtex -*-
% ----------------------------------------------------------------------
% $Id$
% ----------------------------------------------------------------------

@String{acm = "Association for Computing Machinery" } 
@string{ieee-cs = "{IEEE} Computer Society Press"}
@string{ottawa = "Ottawa, Ontario, Canada" }
@string{sce = "Department of Systems and Computer Engineering, Carleton University" }
@string{qest-06 = {Proceedings of the Third International Conference on the Quantative Evaluation of Systems {(QEST'06)}}}

@InProceedings{WOSP98:franks-98,
  author = 	 "Franks, Greg and Woodside, Murray",
  title = 	 "Performance of Multi-Level Client-Server Systems
                  with Parallel Service Operations",
  booktitle = 	 "Proceedings of the First International Workshop on
                  Software and Performance {(WOSP '98)}",
  year =	 1998,
  publisher =	 acm,
  address =	 "Santa Fe, NM",
  month =	 oct,
  pages =	 "120--130",
  doi = 	 "10.1145/287318.287346"
}

@Manual{MANUAL:lqns,
  title = 	 {Layered Queueing Network Solver and Simulator User Manual},
  OPTkey = 	 {},
  author =	 {Greg Franks and Peter Maly and Murray Woodside and Dorina C. Petriu and Alex Hubbard and Martin Mroz},
  organization = {Real Time and Distributed Systems Group, Carleton University},
  address =	 {Ottawa, ON},
  OPTedition = 	 {},
  OPTmonth = 	 {},
  OPTyear = 	 {},
  OPTnote = 	 {},
  url = 	 {http://www.sce.carleton.ca/rads/lqns/LQNSUserMan-jan13.pdf}
}

@PhdThesis{THESIS:franks-99,
  author = 	 "Franks, Roy Gregory",
  title = 	 "Performance Analysis of Distributed Server Systems",
  school = 	 sce,
  year = 	 1999,
  address =	 ottawa,
  month =	 dec,
  url =          "ftp://ftp.sce.carleton.ca/pub/cmw/franks-thesis.pdf"
}

@Article{IEEESE:franks-2009-ieeese-lqn,
  author = 	 {Greg Franks and Tariq Al-Omari and Murray Woodside
                  and Olivia Das and Salem Derisavi},
  title = 	 {Enhanced Modeling and Solution of Layered Queueing Networks},
  journal = 	 ieeese,
  year = 	 2009,
  volume =	 35,
  number =	 2,
  pages =	 {148--161},
  month = 	 mar # {--} # apr,
  DOI = 	 {10.1109/TSE.2008.74}
}

@MastersThesis{THESIS:pan-96,
  author = 	 "Pan, Amy M.",
  title = 	 "Solving Stochastic Rendezvous Networks of Large
                  Client-Server Systems with Symmetric Replication",
  school = 	 sce,
  year = 	 1996,
  month =	 sep,
  url =	 	 "ftp://ftp.sce.carleton.ca/pub/cmw/amy-pan-thesis.pdf"
}

@InProceedings{perf:franks-2006-qest-bottlenecks,
  author = 	 {Greg Franks and Dorina Petriu and Murray Woodside
                  and Jing Xu and Peter Tregunno},
  title = 	 {Layered Bottlenecks and Their Mitigation},
  booktitle =	 qest-06,
  year =	 2006,
  pages =        {103 -- 114},
  address =	 {Riverside, CA, USA},
  month =	 sep # "~11--14",
  doi =          {10.1109/QEST.2006.23}
}

