@TechReport{davis-tango,
  author = 	 {Davis, H. and Goldschmidt, S. R. and Hennessy, J.},
  title = 	 {{TANGO}: A Multiprocessor Simulation and Tracing System},
  institution =  {Computer Systems Laboratory, Stanford University},
  year = 	 1990,
  number = 	 {CSL-TR-90-439},
  month = 	 jul
}


@InProceedings{karam-mlog,
  author = 	 {Karam, G. M. and Wilson, J. T.},
  title = 	 {{MLOG:} A Language for Prototyping Concurrent Systems},
  booktitle =    {Proceedings of the  1990 Canadian Conference on Electrical and Computer Engineering},
  pages = 	 {42.2.1--43.2.6},
  year = 	 1990,
  address = 	 {Ottawa, Canada},
  month = 	 sep
}


@TechReport{buhr-timebench,
  author = 	 {Buhr, R. J. A. and Karam, G. M. and Woodside, C. M. and Casselman, R. and Franks, G. and Scott, H. J. and Bailey, D.},
  title = 	 {{TimeBench}: A {CAD} Tool for Real-Time System Design},
  institution =  {Department of Systems and Computer Engineering, Carleton University},
  year = 	 1990,
  type = 	 {Technical Report},
  month = 	 sep
}

@InProceedings{rashid-mach,
  author = 	 {Rashid, R. F.},
  title = 	 {From {RIG} to {Accent} to {Mach}: The evolution of a network operating system},
  booktitle =    {Proceedings of the {ACM/IEEE} Computer Society 1986 Joint Computer Conference},
  year = 	 1986,
  month = 	 nov
}

@Article{mullender-amoeba,
  author = 	 {Mullender, S. J. and van Rossum, G. and Tanenbaum, A. S. and van Renesse, R. and van Staveren, H.},
  title = 	 {{Amoeba:} A Distributed Operating System for the 90's},
  journal = 	 {IEEE Computer},
  year = 	 1990,
  volume = 	 23,
  number = 	 5,
  month = 	 may
}

@Article{ousterhout-sprite,
  author = 	 {Ousterhout, J. K. and Cherenson, A. R. and Douglis, F. and Nelson, M. N. and Welch, B.B.},
  title = 	 {The {Sprite} Network Operating System},
  journal = 	 {IEEE Computer},
  year = 	 1988,
  pages = 	 {23--36},
  month = 	 feb
}


@TechReport{gentleman-harmony,
  author = 	 {Gentleman, W. M. and MacKay, S. A. and Stewart, D. A. and Wein, M.},
  title = 	 {Using the {Harmony} Operating System: Release 3.0},
  institution =  {National Research Council Canada},
  year = 	 1989,
  number = 	 {NRCC 30081},
  month = 	 feb
}


@TechReport{woodside-srvn,
  author = 	 {Woodside, C.M. and Neilson, J. E. and Petriu, D. C. and Majumdar, S.},
  title = 	 {The Rendezvous Network Model for Performance of Synchronous Multi-Tasking Distributed Software},
  institution =  {Department of Systems and Computer Engineering, Carleton University},
  year = 	 1989,
  number = 	 {SCE-89-8},
  month = 	 mar
}

@TechReport{brauen-models,
  author = 	 {Brauen, H.G. and Neilson, J.E.},
  title = 	 {Graphically Defining Simulation Models of Concurrent Systems},
  institution =  {School of Computer Science, Carleton University},
  year = 	 1988,
  number = 	 {SCS TR 141},
  month = 	 sep
}

@Manual{sun-dbx,
  title = 	 {Debugging Tools},
  key = 	 {dbx},
  organization = {Sun Microsystems},
  address = 	 {Mountain View, CA},
  edition = 	 {800-1775-10},
  month = 	 may,
  year = 	 1988
}
